
@misc{xie2016a,
	title = {bookdown: Authoring Books and Technical Documents with R Markdown},
	author = {Xie, Yihui},
	year = {2016},
	month = {07},
	date = {2016-07-13},
	publisher = {The R Foundation},
	doi = {10.32614/cran.package.bookdown},
	url = {http://dx.doi.org/10.32614/cran.package.bookdown}
}

@book{haddon2011,
	title = {Modelling and Quantitative Methods in Fisheries},
	author = {Haddon, Malcolm},
	year = {2011},
	month = {03},
	date = {2011-03-11},
	publisher = {Chapman and Hall/CRC},
	doi = {10.1201/9781439894170},
	url = {http://dx.doi.org/10.1201/9781439894170},
	langid = {en}
}

@article{schaefer1991,
	title = {Some aspects of the dynamics of populations important to the management of the commercial marine fisheries},
	author = {Schaefer, M},
	year = {1991},
	date = {1991},
	journal = {Bulletin of Mathematical Biology},
	pages = {253--279},
	volume = {53},
	number = {1-2},
	doi = {10.1016/s0092-8240(05)80049-7},
	url = {http://dx.doi.org/10.1016/s0092-8240(05)80049-7},
	langid = {en}
}

@book{theoreti2007,
	title = {Theoretical Ecology},
	editor = {May, Robert and McLean, Angela R.},
	year = {2007},
	month = {02},
	date = {2007-02-15},
	publisher = {Oxford University Press},
	doi = {10.1093/oso/9780199209989.001.0001},
	url = {http://dx.doi.org/10.1093/oso/9780199209989.001.0001},
	langid = {en}
}

@book{wickham2019,
	title = {Advanced R},
	author = {Wickham, Hadley},
	year = {2019},
	month = {05},
	date = {2019-05-24},
	publisher = {Chapman and Hall/CRC},
	doi = {10.1201/9781351201315},
	url = {http://dx.doi.org/10.1201/9781351201315},
	langid = {en}
}

@article{crawley2007,
	title = {The R Book},
	author = {Crawley, Michael J.},
	year = {2007},
	month = {04},
	date = {2007-04-20},
	doi = {10.1002/9780470515075},
	url = {http://dx.doi.org/10.1002/9780470515075},
	langid = {en}
}

@article{iacobucci2012,
	title = {The Art of R Programming: A Tour of Statistical Software Design by Norman Matloff},
	author = {Iacobucci, Alessandra and Robert, Christian},
	year = {2012},
	month = {04},
	date = {2012-04-16},
	journal = {CHANCE},
	pages = {55--56},
	volume = {25},
	number = {2},
	doi = {10.1080/09332480.2012.685374},
	url = {http://dx.doi.org/10.1080/09332480.2012.685374},
	langid = {en}
}

@book{murrell2018a,
	title = {R Graphics, Third Edition},
	author = {Murrell, Paul},
	year = {2018},
	month = {11},
	date = {2018-11-15},
	publisher = {Chapman and Hall/CRC},
	doi = {10.1201/9780429422768},
	url = {http://dx.doi.org/10.1201/9780429422768},
	langid = {en}
}

@book{venables2002,
	title = {Modern Applied Statistics with S},
	author = {Venables, W. N. and Ripley, B. D.},
	year = {2002},
	date = {2002},
	publisher = {Springer New York},
	doi = {10.1007/978-0-387-21706-2},
	url = {http://dx.doi.org/10.1007/978-0-387-21706-2}
}

@article{polacheck1993,
	title = {Fitting Surplus Production Models: Comparing Methods and Measuring Uncertainty},
	author = {Polacheck, Tom and Hilborn, Ray and Punt, Andre E.},
	year = {1993},
	month = {12},
	date = {1993-12-01},
	journal = {Canadian Journal of Fisheries and Aquatic Sciences},
	pages = {2597--2607},
	volume = {50},
	number = {12},
	doi = {10.1139/f93-284},
	url = {http://dx.doi.org/10.1139/f93-284},
	langid = {en}
}

@book{hilborn1992,
	title = {Quantitative Fisheries Stock Assessment},
	author = {Hilborn, Ray and Walters, Carl J.},
	year = {1992},
	date = {1992},
	publisher = {Springer US},
	doi = {10.1007/978-1-4615-3598-0},
	url = {http://dx.doi.org/10.1007/978-1-4615-3598-0},
	langid = {en}
}

@article{prager1994,
	title = {A suite of extensions to a nonequilibrium surplus-production model},
	author = {Prager, Michael},
	year = {1994},
	month = {01},
	date = {1994-01-01},
	journal = {Fishery Bulletin},
	pages = {374--389},
	volume = {92}
}

@article{winker2018,
	title = {JABBA: Just Another Bayesian Biomass Assessment},
	author = {Winker, Henning and Carvalho, Felipe and Kapur, Maia},
	year = {2018},
	month = {08},
	date = {2018-08-01},
	journal = {Fisheries Research},
	pages = {275--288},
	volume = {204},
	doi = {10.1016/j.fishres.2018.03.010},
	url = {https://www.sciencedirect.com/science/article/pii/S0165783618300845},
	langid = {en}
}

@inproceedings{schaefer1957,
	title = {A study of the dynamics of the fishery for yellowfin tuna in the eastern tropical pacific ocean},
	author = {Schaefer, M. B.},
	year = {1957},
	date = {1957},
	url = {https://www.semanticscholar.org/paper/A-study-of-the-dynamics-of-the-fishery-for-tuna-in-Schaefer/29677d4a85d251d68d645584b2505c51c1ef1728}
}

@article{elder1979,
	title = {Equilibrium yield for the Hauraki Gulf snapper fishery estimated from catch and effort figures, 1960{\textendash}74},
	author = {Elder, R. D.},
	year = {1979},
	month = {03},
	date = {1979-03},
	journal = {New Zealand Journal of Marine and Freshwater Research},
	pages = {31--38},
	volume = {13},
	number = {1},
	doi = {10.1080/00288330.1979.9515778},
	url = {http://dx.doi.org/10.1080/00288330.1979.9515778},
	langid = {en}
}

@article{saila1979,
	title = {Application of yield models to the New Zealand rock lobster fishery},
	author = {Saila, S. B. and Annala, J. H. and McKoy, J. L. and Booth, J. D.},
	year = {1979},
	month = {03},
	date = {1979-03},
	journal = {New Zealand Journal of Marine and Freshwater Research},
	pages = {1--11},
	volume = {13},
	number = {1},
	doi = {10.1080/00288330.1979.9515775},
	url = {http://dx.doi.org/10.1080/00288330.1979.9515775},
	langid = {en}
}

@article{punt1997,
	title = {Fisheries stock assessment and decision analysis: the Bayesian approach},
	author = {Punt, Andre E. and Hilborn, Ray},
	year = {1997},
	month = {03},
	date = {1997-03-01},
	journal = {Reviews in Fish Biology and Fisheries},
	pages = {35--63},
	volume = {7},
	number = {1},
	doi = {10.1023/A:1018419207494},
	url = {https://doi.org/10.1023/A:1018419207494},
	note = {357 citations (Crossref) [2023-11-13]},
	langid = {en}
}

@article{hilborn1979,
	title = {Comparison of Fisheries Control Systems That Utilize Catch and Effort Data},
	author = {Hilborn, Ray},
	year = {1979},
	month = {12},
	date = {1979-12-01},
	journal = {Journal of the Fisheries Research Board of Canada},
	pages = {1477--1489},
	volume = {36},
	number = {12},
	doi = {10.1139/f79-215},
	url = {http://dx.doi.org/10.1139/f79-215},
	langid = {en}
}

@article{maccall2009,
	title = {Depletion-corrected average catch: a simple formula for estimating sustainable yields in data-poor situations},
	author = {MacCall, Alec D.},
	year = {2009},
	month = {08},
	date = {2009-08-05},
	journal = {ICES Journal of Marine Science},
	pages = {2267--2271},
	volume = {66},
	number = {10},
	doi = {10.1093/icesjms/fsp209},
	url = {http://dx.doi.org/10.1093/icesjms/fsp209},
	langid = {en}
}

@article{bickel1984,
	title = {Asymptotic Normality and the Bootstrap in Stratified Sampling},
	author = {Bickel, P. J. and Freedman, D. A.},
	year = {1984},
	month = {06},
	date = {1984-06-01},
	journal = {The Annals of Statistics},
	volume = {12},
	number = {2},
	doi = {10.1214/aos/1176346500},
	url = {http://dx.doi.org/10.1214/aos/1176346500}
}

@article{birkes1993,
	title = {Alternative Methods of Regression},
	author = {Birkes, David and Dodge, Yadolah},
	year = {1993},
	month = {06},
	date = {1993-06-28},
	journal = {Wiley Series in Probability and Statistics},
	doi = {10.1002/9781118150238},
	url = {http://dx.doi.org/10.1002/9781118150238}
}

@article{fournier1998,
	title = {MULTIFAN-CL: a length-based, age-structured model for fisheries stock assessment, with application to South Pacific albacore, {\emph{Thunnus alalunga}}},
	author = {Fournier, Daid A and Hampton, John and Sibert, John R},
	year = {1998},
	month = {09},
	date = {1998-09-01},
	journal = {Canadian Journal of Fisheries and Aquatic Sciences},
	pages = {2105--2116},
	volume = {55},
	number = {9},
	doi = {10.1139/f98-100},
	url = {http://dx.doi.org/10.1139/f98-100},
	langid = {en}
}

@article{fournier2012,
	title = {AD Model Builder: using automatic differentiation for statistical inference of highly parameterized complex nonlinear models},
	author = {Fournier, David A. and Skaug, Hans J. and Ancheta, Johnoel and Ianelli, James and Magnusson, Arni and Maunder, Mark N. and Nielsen, Anders and Sibert, John},
	year = {2012},
	month = {04},
	date = {2012-04},
	journal = {Optimization Methods and Software},
	pages = {233--249},
	volume = {27},
	number = {2},
	doi = {10.1080/10556788.2011.597854},
	url = {http://dx.doi.org/10.1080/10556788.2011.597854},
	langid = {en}
}

@article{kristensen2016,
	title = {{\textbf{TMB}}: Automatic Differentiation and Laplace Approximation},
	author = {Kristensen, Kasper and Nielsen, Anders and Berg, Casper W. and Skaug, Hans and Bell, Bradley M.},
	year = {2016},
	date = {2016},
	journal = {Journal of Statistical Software},
	volume = {70},
	number = {5},
	doi = {10.18637/jss.v070.i05},
	url = {http://dx.doi.org/10.18637/jss.v070.i05},
	langid = {en}
}

@book{modelse2004,
	title = {Model Selection and Multimodel Inference},
	editor = {Burnham, Kenneth P. and Anderson, David R.},
	year = {2004},
	date = {2004},
	publisher = {Springer New York},
	doi = {10.1007/b97636},
	url = {http://dx.doi.org/10.1007/b97636},
	langid = {en}
}

@article{helidoniotis2013,
	title = {Growth Models for Fisheries: The Effect of Unbalanced Sampling Error On Model Selection, Parameter Estimation, and Biological Predictions},
	author = {Helidoniotis, Fay and Haddon, Malcolm},
	year = {2013},
	month = {04},
	date = {2013-04},
	journal = {Journal of Shellfish Research},
	pages = {223--235},
	volume = {32},
	number = {1},
	doi = {10.2983/035.032.0129},
	url = {http://dx.doi.org/10.2983/035.032.0129},
	langid = {en}
}

@misc{onthen,
	title = {On the nature of the function expressive of the law of human mortality and on a new mode of determining the value of life contingencies: in a letter to Francis Baily Esq. F.R.S. &c., by Benjamin Gompertz ...},
	publisher = {Brill},
	doi = {10.1163/9789004460409_mor2-b29484479},
	url = {http://dx.doi.org/10.1163/9789004460409_mor2-b29484479}
}

@book{matloff2011,
	title = {The art of R programming: A tour of statistical software design},
	author = {Matloff, Norman},
	year = {2011},
	month = {10},
	date = {2011-10-15},
	publisher = {No Starch Press},
	edition = {1st edition},
	address = {San Francisco},
	langid = {English}
}

@book{chambers2008,
	title = {Software for Data Analysis},
	author = {Chambers, John M.},
	year = {2008},
	date = {2008},
	publisher = {Springer New York},
	doi = {10.1007/978-0-387-75936-4},
	url = {http://dx.doi.org/10.1007/978-0-387-75936-4},
	langid = {en}
}

@book{chambers2017,
	title = {Extending R},
	author = {Chambers, John M.},
	year = {2017},
	month = {12},
	date = {2017-12-19},
	publisher = {Chapman and Hall/CRC},
	doi = {10.1201/9781315381305},
	url = {http://dx.doi.org/10.1201/9781315381305},
	langid = {en}
}

@book{russell1942,
	title = {The overfishing problem},
	author = {Russell, E. S.},
	year = {1942},
	date = {1942},
	publisher = {CUP Archive},
	note = {Google-Books-ID: LtI8AAAAIAAJ},
	langid = {en}
}

@article{quinn2003,
	title = {RUMINATIONS ON THE DEVELOPMENT AND FUTURE OF POPULATION DYNAMICS MODELS IN FISHERIES},
	author = {QUINN, TERRANCE J.},
	year = {2003},
	month = {12},
	date = {2003-12},
	journal = {Natural Resource Modeling},
	pages = {341--392},
	volume = {16},
	number = {4},
	doi = {10.1111/j.1939-7445.2003.tb00119.x},
	url = {http://dx.doi.org/10.1111/j.1939-7445.2003.tb00119.x},
	langid = {en}
}

@book{quinn1999,
	title = {Quantitative Fish Dynamics},
	author = {Quinn, Terrance J. and Deriso, Richard B.},
	year = {1999},
	month = {03},
	date = {1999-03-25},
	publisher = {Oxford University Press},
	series = {Biological Resource Management},
	address = {Oxford, New York}
}

@book{beverton1993a,
	title = {On the Dynamics of Exploited Fish Populations},
	author = {Beverton, Raymond J. H. and Holt, Sidney J.},
	year = {1993},
	date = {1993},
	publisher = {Springer Netherlands},
	doi = {10.1007/978-94-011-2106-4},
	url = {http://dx.doi.org/10.1007/978-94-011-2106-4},
	langid = {en}
}

@article{pitcher1973,
	title = {Two Models for Seasonal Growth in Fishes},
	author = {Pitcher, T. J. and Macdonald, P. D. M.},
	year = {1973},
	month = {08},
	date = {1973-08},
	journal = {The Journal of Applied Ecology},
	pages = {599},
	volume = {10},
	number = {2},
	doi = {10.2307/2402304},
	url = {http://dx.doi.org/10.2307/2402304}
}

@article{stearns1977,
	title = {The Evolution of Life History Traits: A Critique of the Theory and a Review of the Data},
	author = {Stearns, Stephen C.},
	year = {1977},
	month = {11},
	date = {1977-11},
	journal = {Annual Review of Ecology and Systematics},
	pages = {145--171},
	volume = {8},
	number = {1},
	doi = {10.1146/annurev.es.08.110177.001045},
	url = {http://dx.doi.org/10.1146/annurev.es.08.110177.001045},
	langid = {en}
}

@book{stearns1992,
	title = {The evolution of life histories},
	author = {Stearns, SC},
	year = {1992},
	date = {1992},
	publisher = {Oxford University Press}
}
